@article{luneberg2010,
author = {Egorov, Alexandr and Lovetskiy, Konstantin and A.L., Sevastyanov and Sevastyanov, Leonid},
year = {2010},
month = {11},
pages = {830-836},
title = {Simulation of guided modes (eigenmodes) and synthesis of a thin-film generalised waveguide Luneburg lens in the zero-order vector approximation},
volume = {40},
journal = {Quantum Electronics - QUANTUM ELECTRON},
doi = {10.1070/QE2010V040N09ABEH014332}
}
@article{sevas2013,
  title={Моделирование методом адиабатических волноводных мод амплитуднофазового преобразования электромагнитного поля тонкоплёночной обобщённой волноводной линзой Люнеберга},
  author={Севастьянов, Антон Леонидович and Кулябов, Дмитрий Сергеевич and Севастьянов, Леонид Антонович},
  journal={Вестник Российского университета дружбы народов. Серия: Математика, информатика, физика},
  number={4},
  year={2013},
  publisher={Федеральное государственное бюджетное образовательное учреждение высшего~…}
}
@article{nelder1965simplex,
  title={A simplex method for function minimization},
  author={Nelder, John A and Mead, Roger},
  journal={The computer journal},
  volume={7},
  number={4},
  pages={308--313},
  year={1965},
  publisher={Oxford University Press}
}